<?xml version="1.0" encoding="UTF-8"?><collection xmlns="http://www.loc.gov/MARC21/slim"><record><leader>00366nam--2200133-i-4500</leader><controlfield tag="001">000004391</controlfield><controlfield tag="002">20161230</controlfield><controlfield tag="005">20170225184525</controlfield><controlfield tag="008">060222s1000------------r-----000-0-eng-d</controlfield><datafield ind1=" " ind2=" " tag="100"><subfield code="a">Dallaporta, N</subfield></datafield><datafield ind1=" " ind2=" " tag="245"><subfield code="a">On parity conservation in strong interactions</subfield></datafield><datafield ind1=" " ind2=" " tag="260"><subfield code="a">Padova</subfield><subfield code="b">Instituto Di Fisica Dell Universita</subfield><subfield code="c">1959</subfield></datafield><datafield ind1=" " ind2=" " tag="300"><subfield code="a">21 p</subfield></datafield><datafield ind1=" " ind2=" " tag="CAT"><subfield code="a">SYS</subfield><subfield code="c">20170225</subfield><subfield code="h">184525</subfield></datafield></record></collection>